@article{Aas2020,
  author    = {Aas, K. and Jullum, M. and Løland, A.},
  title     = {Explaining individual predictions when features are dependent: More accurate approximations to shapley values},
  year      = {2020},
  journal   = {arXiv preprint arXiv:2006.16234}
}

@article{Aas2021,
  author    = {Aas, K. and Nagler, T. and Jullum, M. and Løland, A.},
  title     = {Explaining predictive models using shapley values and non-parametric vine copulas},
  year      = {2021},
  journal   = {arXiv preprint arXiv:2102.06416}
}

@article{AlvarezMelis2018,
  author    = {Alvarez-Melis, D. and Jaakkola, T. S.},
  title     = {On the robustness of interpretability methods},
  year      = {2018},
  journal   = {arXiv preprint arXiv:1806.08049}
}

@article{Benard2021a,
  author    = {Bénard, C. and Biau, G. and Da Veiga, S. and Scornet, E.},
  title     = {Sirus: Stable and interpretable rule set for classification},
  year      = {2021a},
  journal   = {Electronic Journal of Statistics},
  volume    = {15},
  number    = {1},
  pages     = {427--505}
}

@inproceedings{Benard2021b,
  author    = {Bénard, C. and Biau, G. and Veiga, S. and Scornet, E.},
  title     = {Interpretable random forests via rule extraction},
  booktitle = {International Conference on Artificial Intelligence and Statistics},
  year      = {2021b},
  pages     = {937--945},
  publisher = {PMLR}
}

@article{Breiman2001,
  author    = {Breiman, L.},
  title     = {Random forests},
  journal   = {Machine learning},
  year      = {2001},
  volume    = {45},
  number    = {1},
  pages     = {5--32}
}

@article{Chen2020,
  author    = {Chen, H. and Janizek, J. D. and Lundberg, S. and Lee, S.-I.},
  title     = {True to the model or true to the data?},
  year      = {2020},
  journal   = {arXiv preprint arXiv:2006.16234}
}

@article{Covert2020,
  author    = {Covert, I. and Lee, S.},
  title     = {Improving kernelshap: Practical shapley value estimation via linear regression},
  year      = {2020},
  journal   = {CoRR},
  volume    = {abs/2012.01536}
}

@article{Covert2020a,
  author    = {Covert, I. and Lundberg, S. and Lee, S.},
  title     = {Understanding global feature contributions through additive importance measures},
  year      = {2020a},
  journal   = {CoRR},
  volume    = {abs/2004.00668}
}

@article{Covert2020b,
  author    = {Covert, I. and Lundberg, S. and Lee, S.-I.},
  title     = {Explaining by removing: A unified framework for model explanation},
  year      = {2020b},
  journal   = {arXiv preprint arXiv:2011.14878}
}

@misc{Dua2017,
  author = {Dua, D. and Graff, C.},
  year = {2017},
  title = {{UCI} Machine Learning Repository},
  url = {http://archive.ics.uci.edu/ml},
  institution = {University of California, Irvine, School of Information and Computer Sciences}
}

@article{ElieDitCosaque2022,
  author    = {Elie-Dit-Cosaque, K. and Maume-Deschamps, V.},
  title     = {Random forest estimation of conditional distribution functions and conditional quantiles},
  year      = {2022},
  journal   = {Electronic Journal of Statistics},
  volume    = {16},
  number    = {2},
  pages     = {6553--6583}
}

@article{Friedman2001,
  author    = {Friedman, J. H.},
  title     = {Greedy function approximation: A gradient boosting machine},
  journal   = {Ann. Statist.},
  year      = {2001},
  volume    = {29},
  number    = {5},
  pages     = {1189--1232}
}

@article{Frye2020,
  author    = {Frye, C. and de Mijolla, D. and Begley, T. and Cowton, L. and Stanley, M. and Feige, I.},
  title     = {Shapley explainability on the data manifold},
  year      = {2020},
  journal   = {arXiv preprint arXiv:2006.01272}
}

@article{Goldstein2015,
  author    = {Goldstein, A. and Kapelner, A. and Bleich, J. and Pitkin, E.},
  title     = {Peeking inside the black box: Visualizing statistical learning with plots of individual conditional expectation},
  journal   = {Journal of Computational and Graphical Statistics},
  year      = {2015},
  volume    = {24},
  number    = {1},
  pages     = {44--65}
}

@inproceedings{Grunewalder2018,
  author    = {Grunewalder, S.},
  title     = {Plug-in estimators for conditional expectations and probabilities},
  booktitle = {International Conference on Artificial Intelligence and Statistics},
  year      = {2018},
  pages     = {1513--1521},
  publisher = {PMLR}
}

@book{Gyorfi2002,
  author    = {Györfi, L. and Kohler, M. and Krzyżak, A. and Walk, H.},
  title     = {A distribution-free theory of nonparametric regression},
  year      = {2002},
  volume    = {1},
  publisher = {Springer}
}

@inproceedings{Heskes2020,
  author    = {Heskes, T. and Sijben, E. and Bucur, I. G. and Claassen, T.},
  title     = {Causal shapley values: Exploiting causal knowledge to explain individual predictions of complex models},
  booktitle = {Advances in Neural Information Processing Systems 33},
  year      = {2020},
  editor    = {Larochelle, H. and Ranzato, M. and Hadsell, R. and Balcan, M. and Lin, H.}
}

@inproceedings{Janzing2020,
  author    = {Janzing, D. and Minorics, L. and Blöbaum, P.},
  title     = {Feature relevance quantification in explainable ai: A causal problem},
  booktitle = {International Conference on Artificial Intelligence and Statistics},
  year      = {2020},
  pages     = {2907--2916},
  publisher = {PMLR}
}

@article{Lundberg2020,
  author    = {Lundberg, S. M. and Erion, G. and Chen, H. and DeGrave, A. and Prutkin, J. M. and Nair, B. and Katz, R. and Himmelfarb, J. and Bansal, N. and Lee, S.-I.},
  title     = {From local explanations to global understanding with explainable ai for trees},
  journal   = {Nature Machine Intelligence},
  year      = {2020},
  volume    = {2},
  number    = {1},
  pages     = {56--67}
}

@inproceedings{Lundberg2017,
  author    = {Lundberg, S. M. and Lee, S.-I.},
  title     = {A unified approach to interpreting model predictions},
  booktitle = {Advances in Neural Information Processing Systems 30},
  year      = {2017},
  editor    = {Guyon, I. and Luxburg, U. V. and Bengio, S. and Wallach, H. and Fergus, R. and Vishwanathan, S. and Garnett, R.},
  pages     = {4765--4774}
}

@article{Meinshausen2006,
  author    = {Meinshausen, N. and Ridgeway, G.},
  title     = {Quantile regression forests},
  journal   = {Journal of Machine Learning Research},
  year      = {2006},
  volume    = {7},
  number    = {6}
}

@article{Nadaraya1964,
  author    = {Nadaraya, E. A.},
  title     = {On estimating regression},
  journal   = {Theory of Probability \& Its Applications},
  year      = {1964},
  volume    = {9},
  number    = {1},
  pages     = {141--142}
}

@article{Owen2017,
  author    = {Owen, A. B. and Prieur, C.},
  title     = {On shapley value for measuring importance of dependent inputs},
  journal   = {SIAM/ASA Journal on Uncertainty Quantification},
  year      = {2017},
  volume    = {5},
  number    = {1},
  pages     = {986--1002}
}

@inproceedings{Ribeiro2016,
  author    = {Ribeiro, M. T. and Singh, S. and Guestrin, C.},
  title     = {”Why should I trust you?” Explaining the predictions of any classifier},
  booktitle = {Proceedings of the 22nd ACM SIGKDD international conference on knowledge discovery and data mining},
  year      = {2016},
  pages     = {1135--1144}
}

@article{Scornet2015,
  author    = {Scornet, E. and Biau, G. and Vert, J.-P.},
  title     = {Consistency of random forests},
  journal   = {The Annals of Statistics},
  year      = {2015},
  volume    = {43},
  number    = {4},
  pages     = {1716--1741}
}

@incollection{Shapley1953,
  author    = {Shapley, L. S.},
  title     = {A value for n-person games},
  booktitle = {Contributions to the Theory of Games II},
  year      = {1953},
  editor    = {Kuhn, H. W. and Tucker, A. W.},
  volume    = {28},
  pages     = {307--317},
  publisher = {Princeton University Press}
}

@article{Strumbelj2010,
  author    = {Štrumbelj, E. and Kononenko, I.},
  title     = {An efficient explanation of individual classifications using game theory},
  journal   = {Journal of Machine Learning Research},
  year      = {2010},
  volume    = {11},
  pages     = {1--18}
}

@article{Williamson2020,
  author    = {Williamson, B. D. and Feng, J.},
  title     = {Efficient non-parametric statistical inference on population feature importance using shapley values},
  year      = {2020},
  journal   = {arXiv preprint arXiv:2006.01272}
}